@BOOK{TISP,
	title = {Table of Integrals, Series, and Products},
	author = {I.S. Gradshteyn and I.M. Ryzhik},
	publisher = {Academic Press},
	year = {2007},
	edition = {7th}
}

@BOOK{HMF,
	title = {NIST Handbook of Mathematical Functions},
	author = {Olver, Frank and Lozier, Daniel and Boisvert, Ronald and Clark, Charles},
	publisher = {Cambridge University Press},
	year = {2010},
	month = {01}
}

@BOOK{handbookfipri,
	title = {Handbook of fingerprint recognition},
	author = {Maltoni, Davide and Maio, Dario and Jain, Anil K and Prabhakar, Salil},
	year = {2009},
	publisher={Springer Science \& Business Media},
	edition = {2nd}
}

@BOOK{imageprocessing,
	title={Image processing and pattern recognition: fundamentals and techniques},
	author={Shih, Frank Y},
	publisher={John Wiley \& Sons},
	year={2010}
}

@BOOK{Watson,
	title = {A treatise on the theory of Bessel functions},
	author = {G.N. Watson},
	publisher = {Cambridge University Press},
	year = {1966},
	edition = {2nd}
}

@BOOK{Henry,
	title = {Classification and uses of finger prints},
	author = {E. R. Henry},
	year = {1900},
	publisher = {George Routledge \& Sons}
}

@MISC{IntQFunction,
  title = {Some Integrals Involving the (Q sub M)-Function},
  author = {Albert H. Nuttall},
  year = {1974}
}

@ARTICLE{SNoQE,
	author={R. {Richter} and C. {Gottschlich} and L. {Mentch} and D. H. {Thai} and S. F. {Huckemann}},
	journal={IEEE Transactions on Information Forensics and Security}, 
	title={Smudge Noise for Quality Estimation of Fingerprints and its Validation}, 
	year={2019},
	volume={14},
	number={8},
	pages={1963-1974}
}

@ARTICLE{FDB,
	author = {Thai, Duy Hoang AND Huckemann, Stephan AND Gottschlich, Carsten},
	journal = {PLOS ONE},
	publisher = {Public Library of Science},
	title = {Filter Design and Performance Evaluation for Fingerprint Image Segmentation},
	year = {2016},
	month = {05},
	volume = {11},
	pages = {1-31},
	number = {5}
}

@ARTICLE{BazenGerez,
	author = {Bazen, Asker and Gerez, Sabih},
	title = {Segmentation of Fingerprint Images},
	journal = {ProRISC 2001 Workshop on Circuits, Systems and Signal Processing},
	year = {2001},
	month = {12},
	volume = {12},
	pages = {276 - 280}
}

@ARTICLE{adaboost,
	author = {Liu, Eryun and Zhao, Heng and Guo, Fangfei and Liang, Jimin and Tian, Jie},
	year = {2011},
	month = {06},
	pages = {148-157},
	title = {Fingerprint segmentation based on an AdaBoost classifier},
	volume = {5},
	journal = {Frontiers of Computer Science in China}
}

@ARTICLE{Kittler1986,
	title = {Minimum error thresholding},
	author = {J. Kittler and J. Illingworth},
	journal = {Pattern Recognition},
	volume = {19},
	number = {1},
	pages = {41 - 47},
	year = {1986}
}

@ARTICLE{XueTitterington,
	title={$t$ -Tests, $F$ -Tests and Otsu's Methods for Image Thresholding},
	author={J. {Xue} and D. M. {Titterington}},
	journal={IEEE Transactions on Image Processing},
	year={2011},
	volume={20},
	number={8},
	pages={2392-2396}
}

@ARTICLE{AbramovichBenjamini1996,
	title = {Adaptive thresholding of wavelet coefficients},
	author = {Felix Abramovich and Yoav Benjamini},
	journal = {Computational Statistics \& Data Analysis},
	volume = {22},
	number = {4},
	pages = {351 - 361},
	year = {1996}
}

@ARTICLE{DonohoJohnstone1995,
	title = {Adapting to Unknown Smoothness via Wavelet Shrinkage},
	author = {David L. Donoho and Iain M. Johnstone},
	journal = {Journal of the American Statistical Association},
	volume = {90},
	number = {432},
	pages = {1200-1224},
	year  = {1995},
	publisher = {Taylor & Francis}
}

@ARTICLE{NonCentralChi,
	title = {Another Derivation of the Non-Central Chi-Square Distribution},
	author = {William C. Guenther},
	journal = {Journal of the American Statistical Association},
	volume = {59},
	number = {307},
	pages = {957-960},
	year  = {1964},
	month = {9},
	publisher = {Taylor & Francis}
}